% Cinem√°tica e manipuladores
@book{craig2009introduction,
  title={Introduction to robotics: mechanics and control},
  edition={3rd},
  author={Craig, John J},
  year={2009},
  publisher={Pearson Education India}
}

@book{paul1981robot,
  title={Robot manipulators: mathematics, programming, and control: the computer control of robot manipulators},
  author={Paul, Richard P},
  edition={1st},
  year={1981},
  address={Cambridge, Massachusetts and London, England},
  publisher={The MIT Press}
}

@book{spong2008robot,
  title={Robot dynamics and control},
  author={Spong, Mark W and Vidyasagar, Mathukumalli},
  edition={1st},
  year={1989},
  address={New York},
  publisher={John Wiley \& Sons}
}

@inproceedings{reddy2014difference,
  title={Difference between Denavit-Hartenberg (D-H) classical and modified conventions for forward kinematics of robots with case study},
  author={Reddy, A Chennakesava},
  booktitle={International Conference on Advanced Materials and manufacturing Technologies (AMMT), 2014, India},
  year={2014}
}
