@article{article:dummy,
author = {John Smith and Mary Williams},
journal = {Journal of Publications},
month = Jan,
pages = {0-0},
title = {A Dummy Citation Entry},
volume = {0},
year = {0000}
}

@book{pande2001six,
    title={What is six sigma?},
    author={Pete S Pande and Larry Holpp},
    year={2001},
    publisher={McGraw-Hill Professional}
}

@book{yang2003design,
    title={Design for six sigma},
    author={Yang, Kai and Basem, S and El-Haik, Basem},
    year={2003},
    publisher={McGraw-Hill New York}
}

% AmpOps
@book{sedra1998microelectronic,
  title={Microelectronic circuits},
  author={Sedra, Adel S and Sedra, Dean Emeritus Adel S and Smith, Kenneth Carless and Smith, Kenneth C},
  year={1998},
  publisher={New York: Oxford University Press}
}

% AmpOps
@book{mancini2003op,
  title={Op amps for everyone: design reference},
  author={Mancini, Ron},
  year={2003},
  publisher={Newnes}
}

% AmpOps instrumentação
@book{kitchin2006designer,
  title={A designer's guide to instrumentation amplifiers},
  author={Kitchin, Charles and Counts, Lew},
  year={2006},
  publisher={Analog Devices Norwood, MA}
}

% Resistores terminacao
@book{bogatin2010signal,
  title={Signal and power integrity--simplified},
  author={Bogatin, Eric},
  year={2010},
  publisher={Pearson Education}
}

% Optoacopladores1
@misc{temis1996optocouplers,
  title={Optocouplers Data Book},
  year={1996},
  howpublished={TEMIC Semiconductors, \url{https://pe2bz.philpem.me.uk/pdf%20on%20typenumber/A-C/COUPLE96.pdf}}
}

% Optoacopladores2
@book{bishop2001understand,
  title={Understand electronics},
  author={Bishop, Owen},
  year={2001},
  publisher={Elsevier}
}

% Motores DC
@book{krishnan2001electric,
  title={Electric motor drives: modeling, analysis and control},
  author={Krishnan, Ramu},
  year={2001},
  publisher={Prentice Hall}
}

% Motores DC 2
@article{maheriya2016review,
  title={A Review: Modelling of Brushed DC Motor and Various type of Control Methods},
  author={Maheriya, S and Parikh, P},
  journal={Journal for Research},
  volume={1},
  year={2016}
}

% Motores de passo
@misc{atmel2006stepper,
  title={AVR446: Linear speed control of stepper motor},
  author={Atmel},
  year={2006},
  howpublished={\url{http://ww1.microchip.com/downloads/en/appnotes/doc8017.pdf}}
}

% Deixar as páginas ai?
@article{sokovic2010quality,
    title={Quality improvement methodologies--PDCA cycle, RADAR matrix, DMAIC and DFSS},
    author={Sokovic, Mirko and Pavletic, Dusko and Pipan, K Kern},
    journal={Journal of achievements in materials and manufacturing engineering},
    volume={43},
    number={1},
    pages={476--483},
    year={2010}
}

% Arrumar essa referência
@article{fernando2019assistivo,
    title={Desenvolvimento de um manipulador robótico para aplicações assistivas},
    author={Luiz Fernando Neto},
    year={2019}
}

% Graduation thesis
@misc{francisco2019interface,
    title={Estudo e desenvolvimento de uma interface de comando de cadeira de rodas motorizada para pessoas tetraplégicas},
    author={Francisco Matheus Pereira Oliveira},
    year={2018},
    publisher={Faculdade de Tecnologia, Univesidade de Brasília, Brasília, DF, 91p}
}

@misc{wattylas2015didatico,
    title={Desenvolvimento de um Robô Manipulador Didático},
    author={Wattyllas Ferreira Dos Reis},
    year={2015},
    publisher={Faculdade de Tecnologia, Univesidade de Brasília, Brasília, DF, 88p}
}

@misc{marconi2016didatico,
    title={Análise de Desempenho e Melhorias em Robô Manipulador},
    author={Marconi Silva Vaz de Mello},
    year={2016},
    publisher={Faculdade de Tecnologia, Univesidade de Brasília, Brasília, DF}
}

@misc{kevin2005WMRA,
    title={Design, construction and testing of a wheelchair-mounted robotic arm},
    author={Kevin D. Edwards},
    year={2005},
    publisher={University of South Florida}
}

@article{balaji2012waterfall,
  title={Waterfall vs. V-Model vs. Agile: A comparative study on SDLC},
  author={Balaji, S and Murugaiyan, M Sundararajan},
  journal={International Journal of Information Technology and Business Management},
  volume={2},
  number={1},
  pages={26--30},
  year={2012}
}

@article{beck2001manifesto,
  title={Manifesto for agile software development},
  author={Beck, Kent and Beedle, Mike and Van Bennekum, Arie and Cockburn, Alistair and Cunningham, Ward and Fowler, Martin and Grenning, James and Highsmith, Jim and Hunt, Andrew and Jeffries, Ron and others},
  year={2001}
}

@article{kaisti2013agile,
  title={Agile methods for embedded systems development-a literature review and a mapping study},
  author={Kaisti, Matti and Rantala, Ville and Mujunen, Tapio and Hyrynsalmi, Sami and K{\"o}nn{\"o}l{\"a}, Kaisa and M{\"a}kil{\"a}, Tuomas and Lehtonen, Teijo},
  journal={EURASIP Journal on Embedded Systems},
  volume={2013},
  number={1},
  pages={15},
  year={2013},
  publisher={Nature Publishing Group}
}

@book{maass2009applying,
  title={Applying design for six sigma to software and hardware systems},
  author={Maass, Eric and McNair, Patricia D},
  year={2009},
  publisher={Pearson Education}
}

% Constituicao Federal Brasileira
@misc{constituicao,
  title={Brasil, Constitui{\c{c}}{\~a}o. (1988). Título II Capítulo I}
}

% Estatuto da Pessoa com Deficiência
@misc{estatutodef,
  title={Brasil, Estatuto da Pessoa com Deficiência. Lei Nº 13.146 (2015). Livro I Título I Capítulo I Art. 3º}
}

% Definicao de TA
@article{bersch2008introduccao,
  title={Introdu{\c{c}}{\~a}o {\`a} tecnologia assistiva},
  author={Bersch, Rita},
  journal={Porto Alegre: CEDI},
  volume={21},
  year={2008}
}

% Activies of Daily Living
@article{capille2010kinematic,
  title={Kinematic and experimental evaluation of commercial wheelchair-mounted robotic arms},
  author={Capille Jr, John William},
  year={2010}
}

% Comparacao atuadores
@article{hunter1991comparative,
  title={A comparative analysis of actuator technologies for robotics},
  author={Hunter, Ian W and Hollerbach, John M and Ballantyne, John},
  journal={Robotics Review},
  volume={2},
  pages={299--342},
  year={1991},
  publisher={MIT press}
}

% Quantidade de pessoas com deficiencia
@book{world2011world,
  title={World report on disability 2011},
  author={World Health Organization and others},
  year={2011},
  publisher={World Health Organization}
}

% Agenda 2030 ONU
@misc{un2030agenda,
  title={Transforming our World: The 2030 Agenda for Sustainable Development},
  author={United Nations General Assembly},
  year={2015},
  howpublished ={Retrieved from United Nations General Assembly: https://sustainabledevelopment.un.org/post2015/transformingourworld}
}

% Cadeira de rodas
@inproceedings{vidal2010desenvolvimento,
  title={Desenvolvimento de Kit para Automa{\c{c}}{\~a}o de cadeira de rodas convencional},
  author={Vidal Filho, WB and Avila, R and Quinteros, CHL and Els, RV and Queiroga, G},
  booktitle={IN: VI CONGRESSO NACIONAL DE ENGENHARIA MEC{\^A}NICA. CAMPINA GRANDE, PARA{\'I}BA},
  year={2010}
}

% comparacao entre diversos modelos de WMRA
@inproceedings{ktistakis2015survey,
  title={A survey on robotic wheelchairs mounted with robotic arms},
  author={Ktistakis, Iosif Papadakis and Bourbakis, Nikolaos G},
  booktitle={2015 National Aerospace and Electronics Conference (NAECON)},
  pages={258--262},
  year={2015},
  organization={IEEE}
}

% Atuadores Eletricos
@book{chapman2005electric,
  title={Electric machinery fundamentals},
  author={Chapman, Stephen},
  year={2005},
  publisher={Tata McGraw-Hill Education}
}

% Sensores
@book{bajd2010robotics,
  title={Robotics},
  author={Bajd, Tadej and Mihelj, Matja{\v{z}} and Lenar{\v{c}}i{\v{c}}, Jadran and Stanovnik, Ale{\v{s}} and Munih, Marko},
  volume={43},
  year={2010},
  publisher={Springer Science \& Business Media}
}

% Sensores2
@book{bentley2005principles,
  title={Principles of measurement systems},
  author={Bentley, John P},
  year={2005},
  publisher={Pearson education}
}

% Sensores3
@article{doebelin2007measurement,
  title={Measurement systems: application and design},
  author={Doebelin, Ernest O and Manik, Dhanesh N},
  year={2007}
}

% Debouncing
@article{ganssle2004guide,
  title={A guide to debouncing},
  author={Ganssle, Jack G},
  journal={Guide to Debouncing, Ganssle Group, Baltimore, MD, US},
  pages={1--22},
  year={2004}
}

% Filtros
@book{irwin2010basic,
  title={Basic engineering circuit analysis},
  author={Irwin, J David and Nelms, Robert M},
  volume={900},
  year={2010},
  publisher={John Wiley \& Sons}
}

% Exemplo de malha de controle
@article{nise2011control,
  title={Control system engineering, John Wiley \& Sons},
  author={Nise, Norman S},
  journal={Inc, New York},
  year={2011}
}

% Cinemática e manipuladores
@book{craig2009introduction,
  title={Introduction to robotics: mechanics and control, 3/E},
  author={Craig, John J},
  year={2009},
  publisher={Pearson Education India}
}

% Controle DC
@book{rashid2017power,
  title={Power electronics handbook},
  author={Rashid, Muhammad H},
  year={2017},
  publisher={Butterworth-Heinemann}
}

% PWM
@article{barr2001pulse,
  title={Pulse width modulation},
  author={Barr, Michael},
  journal={Embedded Systems Programming},
  volume={14},
  number={10},
  pages={103--104},
  year={2001}
}